@misc{rules,
  title = {Collapsi 1.1.0},
  publisher = {Ball, M.~S.},
  year = {2025},
  Month = {Jun.},
  url = {https://boardgamegeek.com/filepage/301918/collapsi-official-rules},
}

@misc{youtube,
  title={{How to Play Collapsi: NEW two player abstract game with playing cards!}},
  url={https://youtu.be/6vYEHdjlw3g},
  journal={YouTube},
  author={Riffle Shuffle \& Roll},
  year={2025},
  month={Jun.},
}

@article{endgame,
  author = {Haworth, G.},
  title ={Chess Endgame News: 7-man {`Syzygy'} {$DTZ_{50}''$} {EGTs}},
  journal = {ICGA Journal},
  volume = {40},
  number = {4},
  pages = {372--373},
  year = {2018},
  doi = {10.3233/ICG-190087},
}

@misc{github,
  author = {Young, M.},
  title = {Collapsi solver},
  year = {2025},
  publisher = {GitHub},
  journal = {Rust crate},
  howpublished = {\url{https://github.com/mtorpey/collapsi}},
  commit = {c3edabc644baf5b021e528be250f47e741045fff},
}

@article{games-solved,
  title = {Games solved: Now and in the future},
  journal = {Artificial Intelligence},
  volume = {134},
  number = {1},
  pages = {277--311},
  year = {2002},
  issn = {0004-3702},
  doi = {10.1016/S0004-3702(01)00152-7},
  author = {H.~Jaap {van den Herik} and Jos W.~H.~M.~Uiterwijk and Jack {van Rijswijck}},
}